<record><leader>00000cas a2200000 a 4500</leader><controlfield tag="001">9469651</controlfield><controlfield tag="008">830502d18071895mauwr ne      0    0eng c</controlfield><datafield ind1=" " ind2=" " tag="010"><subfield code="a">sn 83020641 </subfield></datafield><datafield ind1=" " ind2=" " tag="040"><subfield code="a">NPX</subfield><subfield code="b">eng</subfield><subfield code="c">NPX</subfield><subfield code="d">NPU</subfield><subfield code="d">NPA</subfield><subfield code="d">DLC</subfield><subfield code="d">IUL</subfield><subfield code="d">YOX</subfield><subfield code="d">MGN</subfield><subfield code="d">HUL</subfield><subfield code="d">MGN</subfield><subfield code="d">CNK</subfield><subfield code="d">HUL</subfield><subfield code="d">OBN</subfield><subfield code="d">OCL</subfield><subfield code="d">CVF</subfield><subfield code="d">NYS</subfield><subfield code="d">OCLCQ</subfield><subfield code="d">DLC</subfield><subfield code="d">CRL</subfield><subfield code="d">KRTAS</subfield><subfield code="d">DLC</subfield><subfield code="d">OCLCQ</subfield><subfield code="d">OCLCF</subfield></datafield><datafield ind1="1" ind2=" " tag="029"><subfield code="a">AU@</subfield><subfield code="b">000020265190</subfield></datafield><datafield ind1=" " ind2=" " tag="042"><subfield code="a">pcc</subfield></datafield><datafield ind1=" " ind2=" " tag="043"><subfield code="a">n-us-ma</subfield></datafield><datafield ind1="0" ind2="0" tag="050"><subfield code="a">Newspaper</subfield></datafield><datafield ind1="0" ind2="0" tag="245"><subfield code="a">New-Bedford Mercury.</subfield></datafield><datafield ind1=" " ind2=" " tag="260"><subfield code="a">New-Bedford, Mass. :</subfield><subfield code="b">Benjamin Lindsey,</subfield><subfield code="c">1807-[1895]</subfield></datafield><datafield ind1=" " ind2=" " tag="300"><subfield code="a">v. ;</subfield><subfield code="c">45-53 cm.</subfield></datafield><datafield ind1=" " ind2=" " tag="310"><subfield code="a">Weekly</subfield></datafield><datafield ind1="0" ind2=" " tag="362"><subfield code="a">Vol. 1, no. 1 (Aug. 7, 1807)-</subfield></datafield><datafield ind1="1" ind2=" " tag="362"><subfield code="a">Ceased in 1895.</subfield></datafield><datafield ind1=" " ind2=" " tag="525"><subfield code="a">Supplements accompany some issues.</subfield></datafield><datafield ind1=" " ind2=" " tag="530"><subfield code="a">Also issued on microfilm from Readex Microprint Corp. and New Bedford Microfilm Service.</subfield></datafield><datafield ind1=" " ind2=" " tag="580"><subfield code="a">Daily ed.: New-Bedford daily Mercury; Daily Mercury (New Bedford, Mass.).</subfield></datafield><datafield ind1=" " ind2=" " tag="580"><subfield code="a">Semiweekly ed.: Mercury (New Bedford, Mass.).</subfield></datafield><datafield ind1=" " ind2=" " tag="588"><subfield code="a">Latest issue consulted: Vol. 33, no. 4 (July 19, 1839).</subfield></datafield><datafield ind1=" " ind2="0" tag="651"><subfield code="a">New Bedford (Mass.)</subfield><subfield code="v">Newspapers.</subfield></datafield><datafield ind1=" " ind2="0" tag="651"><subfield code="a">Bristol County (Mass.)</subfield><subfield code="v">Newspapers.</subfield></datafield><datafield ind1=" " ind2="7" tag="655"><subfield code="a">Newspapers.</subfield><subfield code="2">fast</subfield><subfield code="0">(OCoLC)fst01423814</subfield></datafield><datafield ind1=" " ind2="7" tag="651"><subfield code="a">Massachusetts</subfield><subfield code="z">Bristol County.</subfield><subfield code="2">fast</subfield><subfield code="0">(OCoLC)fst01205219</subfield></datafield><datafield ind1=" " ind2="7" tag="651"><subfield code="a">Massachusetts</subfield><subfield code="z">New Bedford.</subfield><subfield code="2">fast</subfield><subfield code="0">(OCoLC)fst01207803</subfield></datafield><datafield ind1=" " ind2=" " tag="752"><subfield code="a">United States</subfield><subfield code="b">Massachusetts</subfield><subfield code="c">Bristol</subfield><subfield code="d">New Bedford.</subfield></datafield><datafield ind1="1" ind2=" " tag="775"><subfield code="t">New-Bedford daily Mercury</subfield><subfield code="w">(DLC)sn 83020642</subfield><subfield code="w">(OCoLC)9470235</subfield></datafield><datafield ind1="1" ind2=" " tag="775"><subfield code="t">Daily Mercury (New Bedford, Mass.)</subfield><subfield code="w">(DLC)sn 83020643</subfield><subfield code="w">(OCoLC)9470349</subfield></datafield><datafield ind1="1" ind2=" " tag="775"><subfield code="t">Mercury (New Bedford, Mass.)</subfield><subfield code="w">(DLC)sn 83020644</subfield><subfield code="w">(OCoLC)9470425</subfield></datafield><datafield ind1="0" ind2="5" tag="780"><subfield code="t">New-England gazette</subfield><subfield code="g">1826</subfield><subfield code="w">(DLC)sn 83020649</subfield><subfield code="w">(OCoLC)9477457</subfield></datafield><datafield ind1=" " ind2=" " tag="850"><subfield code="a">MH</subfield></datafield><datafield ind1=" " ind2=" " tag="938"><subfield code="a">Kirtas Technologies, Inc.</subfield><subfield code="b">KRTS</subfield><subfield code="n">736599</subfield></datafield></record>